@article{bigg,
  author = {King, Zachary A. and Lu, Justin and Dr√§ger, Andreas and Miller, Philip and Federowicz, Stephen and Lerman, Joshua A. and Ebrahim, Ali and Palsson, Bernhard O. and Lewis, Nathan E.},
  title = {BiGG Models: A platform for integrating, standardizing and sharing genome-scale models},
  journal = {Nucleic Acids Research},
  volume = {44},
  number = {D1},
  pages = {D515},
  year = {2016},
  doi = {10.1093/nar/gkv1049},
  URL = { + http://dx.doi.org/10.1093/nar/gkv1049},
  eprint = {/oup/backfile/content_public/journal/nar/44/d1/10.1093_nar_gkv1049/1/gkv1049.pdf}
}

@article{chocons,
  title={A Consensus Genome-scale Reconstruction of Chinese Hamster Ovary Cell Metabolism},
  author={Hefzi, Hooman and Ang, Kok Siong and Hanscho, Michael and Bordbar, Aarash and Ruckerbauer, David and Lakshmanan, Meiyappan and Orellana, Camila A and Baycin-Hizal, Deniz and Huang, Yingxiang and Ley, Daniel and others},
  journal={Cell Systems},
  volume={3},
  number={5},
  pages={434--443},
  year={2016},
  publisher={Elsevier}
}
